<?xml version="1.0" encoding="UTF-8"?>
<Document>
   <FIToFICstmrCdtTrf>
      <GrpHdr>
         <MsgId>to-be-generated</MsgId>
         <CreDtTm>2012-12-13T12:12:12</CreDtTm>
         <NbOfTxs>1</NbOfTxs>
         <CtrlSum>900000</CtrlSum>
         <TtlIntrBkSttlmAmt Ccy="DJK">300000</TtlIntrBkSttlmAmt>
         <IntrBkSttlmDt>2012-12-13</IntrBkSttlmDt>
         <SttlmInf>
            <SttlmMtd>CLRG</SttlmMtd>
         </SttlmInf>
         <InstgAgt>
            <FinInstnId>
               <BICFI>0xAb8483F64d9C6d1EcF9b849Ae677dD3315835cb2</BICFI>
               <Nm>BANK THETA</Nm>
               <PstlAdr>
                  <Ctry>CTRY-DJK</Ctry>
               </PstlAdr>
            </FinInstnId>
         </InstgAgt>
         <InstdAgt>
            <FinInstnId>
               <BICFI>0xa131AD247055FD2e2aA8b156A11bdEc81b9eAD95</BICFI>
               <Nm>BANK GAMMA</Nm>
               <PstlAdr>
                  <Ctry>CTRY-DJK</Ctry>
               </PstlAdr>
            </FinInstnId>
         </InstdAgt>
      </GrpHdr>
      <CdtTrfTxInf>
         <PmtId>
            <UETR>to-be-generated</UETR>
         </PmtId>
         <IntrBkSttlmAmt Ccy="DJK">300000</IntrBkSttlmAmt>
         <IntrBkSttlmDt>2012-12-13</IntrBkSttlmDt>
         <InstdAmt Ccy="DJK">300000</InstdAmt>
         <XchgRate>0.6</XchgRate>
         <PrvsInstgAgt1>
            <FinInstnId>
               <BICFI>0xd9145CCE52D386f254917e481eB44e9943F39138</BICFI>
               <Nm>BANK BETA</Nm>
               <PstlAdr>
                  <Ctry>CTRY-AXB</Ctry>
               </PstlAdr>
            </FinInstnId>
         </PrvsInstgAgt1>
         <InstgAgt>
            <FinInstnId>
               <BICFI>0xAb8483F64d9C6d1EcF9b849Ae677dD3315835cb2</BICFI>
               <Nm>BANK THETA</Nm>
               <PstlAdr>
                  <Ctry>CTRY-DJK</Ctry>
               </PstlAdr>
            </FinInstnId>
         </InstgAgt>
         <InstdAgt>
            <FinInstnId>
               <BICFI>0xa131AD247055FD2e2aA8b156A11bdEc81b9eAD95</BICFI>
               <Nm>BANK GAMMA</Nm>
               <PstlAdr>
                  <Ctry>CTRY-DJK</Ctry>
               </PstlAdr>
            </FinInstnId>
         </InstdAgt>
         <Dbtr>
            <Nm>BINA Corp</Nm>
            <PstlAdr>
               <Ctry>CTRY-AXB</Ctry>
            </PstlAdr>
         </Dbtr>
         <DbtrAcct>
            <Id>
               <Othr>
                  <Id>A37856</Id>
               </Othr>
            </Id>
         </DbtrAcct>
         <DbtrAgt>
            <FinInstnId>
               <BICFI>0x5B38Da6a701c568545dCfcB03FcB875f56beddC4</BICFI>
               <Nm>Bank ALPHA</Nm>
               <PstlAdr>
                  <Ctry>CTRY-AXB</Ctry>
               </PstlAdr>
            </FinInstnId>
         </DbtrAgt>
         <CdtrAgt>
            <FinInstnId>
               <BICFI>0xa131AD247055FD2e2aA8b156A11bdEc81b9eAD95</BICFI>
               <Nm>BANK GAMMA</Nm>
               <PstlAdr>
                  <Ctry>CTRY-DJK</Ctry>
               </PstlAdr>
            </FinInstnId>
         </CdtrAgt>
         <Cdtr>
            <Nm>PETROX Corp</Nm>
            <PstlAdr>
               <Ctry>CTRY-DJK</Ctry>
            </PstlAdr>
         </Cdtr>
         <CdtrAcct>
            <Id>
               <IBAN>BG65893</IBAN>
            </Id>
         </CdtrAcct>
      </CdtTrfTxInf>
   </FIToFICstmrCdtTrf>
</Document>