<?xml version="1.0" encoding="UTF-8"?>
<Document>
   <FIToFICstmrCdtTrf>
      <GrpHdr>
         <MsgId>to-be-generated</MsgId>
         <CreDtTm>2012-12-13T12:12:12</CreDtTm>
         <NbOfTxs>1</NbOfTxs>
         <CtrlSum>450</CtrlSum>
         <TtlIntrBkSttlmAmt Ccy="ETH">150</TtlIntrBkSttlmAmt>
         <IntrBkSttlmDt>2012-12-13</IntrBkSttlmDt>
         <SttlmInf>
            <SttlmMtd>INGA</SttlmMtd>
            <SttlmAcct>
               <Id>
                  <Othr>
                     <Id>BN987654</Id>
                  </Othr>
               </Id>
            </SttlmAcct>
         </SttlmInf>
         <InstgAgt>
            <FinInstnId>
               <BICFI>0x3C44CdDdB6a900fa2b585dd299e03d12FA4293BC</BICFI>
               <Nm>BANK BETA</Nm>
               <PstlAdr>
                  <Ctry>CTRY-AXB</Ctry>
               </PstlAdr>
            </FinInstnId>
         </InstgAgt>
         <InstdAgt>
            <FinInstnId>
               <BICFI>0x90F79bf6EB2c4f870365E785982E1f101E93b906</BICFI>
               <Nm>BANK THETA</Nm>
               <PstlAdr>
                  <Ctry>CTRY-DJK</Ctry>
               </PstlAdr>
            </FinInstnId>
         </InstdAgt>
      </GrpHdr>
      <CdtTrfTxInf>
         <PmtId>
            <UETR>to-be-generated</UETR>
         </PmtId>
         <IntrBkSttlmAmt Ccy="ETH">150</IntrBkSttlmAmt>
         <IntrBkSttlmDt>2012-12-13</IntrBkSttlmDt>
         <InstdAmt Ccy="ETH">150</InstdAmt>
         <XchgRate>1</XchgRate>
         <InstgAgt>
            <FinInstnId>
               <BICFI>0x3C44CdDdB6a900fa2b585dd299e03d12FA4293BC</BICFI>
               <Nm>BANK BETA</Nm>
               <PstlAdr>
                  <Ctry>CTRY-AXB</Ctry>
               </PstlAdr>
            </FinInstnId>
         </InstgAgt>
         <InstdAgt>
            <FinInstnId>
               <BICFI>0x90F79bf6EB2c4f870365E785982E1f101E93b906</BICFI>
               <Nm>BANK THETA</Nm>
               <PstlAdr>
                  <Ctry>CTRY-DJK</Ctry>
               </PstlAdr>
            </FinInstnId>
         </InstdAgt>
         <Dbtr>
            <Nm>BINA Corp</Nm>
            <PstlAdr>
               <Ctry>USA</Ctry>
            </PstlAdr>
         </Dbtr>
         <DbtrAcct>
            <Id>
               <Othr>
                  <Id>A37856</Id>
               </Othr>
            </Id>
         </DbtrAcct>
         <DbtrAgt>
            <FinInstnId>
               <BICFI>0x70997970C51812dc3A010C7d01b50e0d17dc79C8</BICFI>
               <Nm>Bank ALPHA</Nm>
               <PstlAdr>
                  <Ctry>CTRY-AXB</Ctry>
               </PstlAdr>
            </FinInstnId>
         </DbtrAgt>
         <CdtrAgt>
            <FinInstnId>
               <BICFI>0x15d34AAf54267DB7D7c367839AAf71A00a2C6A65</BICFI>
               <Nm>BANK GAMMA</Nm>
               <PstlAdr>
                  <Ctry>CTRY-DJK</Ctry>
               </PstlAdr>
            </FinInstnId>
         </CdtrAgt>
         <Cdtr>
            <Nm>PETROX Corp</Nm>
            <PstlAdr>
               <Ctry>UK</Ctry>
            </PstlAdr>
         </Cdtr>
         <CdtrAcct>
            <Id>
               <IBAN>BG65893</IBAN>
            </Id>
         </CdtrAcct>
      </CdtTrfTxInf>
   </FIToFICstmrCdtTrf>
</Document>